<record><leader>00000cas a22000007a 4500</leader><controlfield tag="001">19479766</controlfield><controlfield tag="008">890330d19021917nduwr ne      0    0eng d</controlfield><datafield ind1=" " ind2=" " tag="010"><subfield code="a">sn 89074072 </subfield></datafield><datafield ind1=" " ind2=" " tag="040"><subfield code="a">NOP</subfield><subfield code="b">eng</subfield><subfield code="c">NOP</subfield><subfield code="d">OCLCQ</subfield></datafield><datafield ind1="0" ind2=" " tag="041"><subfield code="a">eng</subfield><subfield code="a">ger</subfield></datafield><datafield ind1=" " ind2=" " tag="042"><subfield code="a">msc</subfield></datafield><datafield ind1="0" ind2=" " tag="130"><subfield code="a">Harvey herald and advertiser (Harvey, N.D. : 1902)</subfield></datafield><datafield ind1="1" ind2="4" tag="245"><subfield code="a">The Harvey herald and advertiser.</subfield></datafield><datafield ind1="3" ind2="1" tag="246"><subfield code="a">Harvey Herald und Adverteiser</subfield></datafield><datafield ind1=" " ind2=" " tag="260"><subfield code="a">Harvey, N.D. :</subfield><subfield code="b">R.L. Price</subfield></datafield><datafield ind1=" " ind2=" " tag="300"><subfield code="a">volumes :</subfield><subfield code="b">illustrations ;</subfield><subfield code="c">51 cm</subfield></datafield><datafield ind1=" " ind2=" " tag="310"><subfield code="a">Weekly</subfield></datafield><datafield ind1=" " ind2=" " tag="336"><subfield code="a">text</subfield><subfield code="b">txt</subfield><subfield code="2">rdacontent</subfield></datafield><datafield ind1=" " ind2=" " tag="337"><subfield code="a">unmediated</subfield><subfield code="b">n</subfield><subfield code="2">rdamedia</subfield></datafield><datafield ind1=" " ind2=" " tag="338"><subfield code="a">volume</subfield><subfield code="b">nc</subfield><subfield code="2">rdacarrier</subfield></datafield><datafield ind1="1" ind2=" " tag="362"><subfield code="a">Began in 1902.</subfield></datafield><datafield ind1="0" ind2=" " tag="362"><subfield code="a">-v. 21, no. 44 (Feb. 22, 1917).</subfield></datafield><datafield ind1=" " ind2=" " tag="500"><subfield code="a">"Official paper of Wells County."</subfield></datafield><datafield ind1=" " ind2=" " tag="500"><subfield code="a">German pages entitled: "Der Harvey Herald und Adverteiser."</subfield></datafield><datafield ind1=" " ind2=" " tag="515"><subfield code="a">Some pages in German.</subfield></datafield><datafield ind1=" " ind2=" " tag="530"><subfield code="a">Available on microfilm from the State Historical Society of North Dakota.</subfield></datafield><datafield ind1=" " ind2=" " tag="588"><subfield code="a">Description based on: Vol. 7, no. 12 (July 10, 1902).</subfield></datafield><datafield ind1=" " ind2=" " tag="752"><subfield code="a">United States</subfield><subfield code="b">North Dakota</subfield><subfield code="c">Wells</subfield><subfield code="d">Harvey.</subfield></datafield><datafield ind1="0" ind2="4" tag="780"><subfield code="t">Harvey advertiser</subfield><subfield code="w">(DLC)sn 89074064</subfield></datafield><datafield ind1="0" ind2="4" tag="780"><subfield code="t">Harvey herald (Harvey, N.D. : 1896)</subfield><subfield code="w">(DLC)sn 89074071</subfield></datafield><datafield ind1="0" ind2="7" tag="785"><subfield code="t">Harvey journal und die deutsche Rundschau</subfield><subfield code="w">(DLC)sn 89074074</subfield></datafield><datafield ind1="0" ind2="7" tag="785"><subfield code="t">Harvey journal herald and advertiser</subfield><subfield code="w">(DLC)sn 89074075</subfield></datafield><datafield ind1="1" ind2=" " tag="029"><subfield code="a">AU@</subfield><subfield code="b">000025871070</subfield></datafield></record>